<marc:record xmlns:marc="http://www.loc.gov/MARC21/slim" xmlns:xsi="http://www.w3.org/2001/XMLSchema-instance" xsi:schemaLocation="http://www.loc.gov/MARC21/slim http://www.loc.gov/standards/marcxml/schema/MARC21slim.xsd">
  <marc:leader>     cam a2200253 a 45M</marc:leader>
  <marc:controlfield tag="001">001680726</marc:controlfield>
  <marc:controlfield tag="003">NNU</marc:controlfield>
  <marc:controlfield tag="005">20001218225130.0</marc:controlfield>
  <marc:controlfield tag="008">910410s1970    iq c    ab   f000 0bara d</marc:controlfield>
  <marc:datafield tag="035" ind1="9" ind2=" ">
    <marc:subfield code="a">NYUb12224129</marc:subfield>
  </marc:datafield>
  <marc:datafield tag="035" ind1=" " ind2=" ">
    <marc:subfield code="a">(CStRLIN)NYPG91-B23698</marc:subfield>
  </marc:datafield>
  <marc:datafield tag="040" ind1=" " ind2=" ">
    <marc:subfield code="a">NN</marc:subfield>
    <marc:subfield code="c">NN</marc:subfield>
  </marc:datafield>
  <marc:datafield tag="100" ind1="1" ind2=" ">
    <marc:subfield code="a">Sāmarrāʼī, ʻĀmir Rashīd.</marc:subfield>
  </marc:datafield>
  <marc:datafield tag="245" ind1="1" ind2="3">
    <marc:subfield code="a">al-Ab Anistās Mārī al-Kirmilī</marc:subfield>
    <marc:subfield code="c">bi-qalam ʻĀmir Rashīd al-Sāmarrāʼī.</marc:subfield>
  </marc:datafield>
  <marc:datafield tag="260" ind1=" " ind2=" ">
    <marc:subfield code="a">[Baghdad?] :</marc:subfield>
    <marc:subfield code="b">Wizārat al-Thaqāfah wa-al-Iʻlām, Mudīrīyat al-Thaqāfah al-ʻĀmmah,</marc:subfield>
    <marc:subfield code="c">1970.</marc:subfield>
  </marc:datafield>
  <marc:datafield tag="300" ind1=" " ind2=" ">
    <marc:subfield code="a">18, p. :</marc:subfield>
    <marc:subfield code="b">port. ;</marc:subfield>
    <marc:subfield code="c">24 cm.</marc:subfield>
  </marc:datafield>
  <marc:datafield tag="490" ind1="1" ind2=" ">
    <marc:subfield code="a">Silsilat al-kutub al-ḥadīthah ;</marc:subfield>
    <marc:subfield code="v">30</marc:subfield>
  </marc:datafield>
  <marc:datafield tag="500" ind1=" " ind2=" ">
    <marc:subfield code="a">In Arabic.</marc:subfield>
  </marc:datafield>
  <marc:datafield tag="504" ind1=" " ind2=" ">
    <marc:subfield code="a">Includes bibliographical references.</marc:subfield>
  </marc:datafield>
  <marc:datafield tag="500" ind1=" " ind2=" ">
    <marc:subfield code="a">LIst of works by Anastas Mari: p. 11-15.</marc:subfield>
  </marc:datafield>
  <marc:datafield tag="600" ind1="0" ind2="0">
    <marc:subfield code="a">Anistās Mārī,</marc:subfield>
    <marc:subfield code="c">al-Karmilī, ab,</marc:subfield>
    <marc:subfield code="d">1866-1947.</marc:subfield>
  </marc:datafield>
  <marc:datafield tag="830" ind1=" " ind2="0">
    <marc:subfield code="a">Silsilat al-kutub al-ḥadīthah ;</marc:subfield>
    <marc:subfield code="v">30.</marc:subfield>
  </marc:datafield>
  <marc:datafield tag="950" ind1=" " ind2=" ">
    <marc:subfield code="l">BMAIN</marc:subfield>
    <marc:subfield code="a">PJ6064.A5</marc:subfield>
    <marc:subfield code="b">S17</marc:subfield>
  </marc:datafield>
  <marc:datafield tag="955" ind1=" " ind2=" ">
    <marc:subfield code="l">BMAIN</marc:subfield>
    <marc:subfield code="c">1</marc:subfield>
    <marc:subfield code="r">028826850</marc:subfield>
  </marc:datafield>
  <marc:datafield tag="998" ind1=" " ind2=" ">
    <marc:subfield code="s">9114</marc:subfield>
  </marc:datafield>
</marc:record>
